@inproceedings{Harrison2014HistoryOI,
  title={History of Interactive Theorem Proving},
  author={John Harrison and Josef Urban and Freek Wiedijk},
  booktitle={Computational Logic},
  year={2014},
  url={https://api.semanticscholar.org/CorpusID:30345151}
}

@manual{CoqRefMan,
  title={The Coq proof assistant : reference manual, version 6.1},
  author={Bruno Barras and Samuel Boutin and Cristina Cornes and Judica{\"e}l Courant and Jean-Christophe Filli{\^a}tre and Eduardo Gim{\'e}nez and Hugo Herbelin and G{\'e}rard P. Huet and C{\'e}sar A. Mu{\~n}oz and Chetan R. Murthy and Catherine Parent and Christine Paulin-Mohring and Amokrane Sa{\"i}bi and Benjamin Werner},
  year={1997},
  url={https://api.semanticscholar.org/CorpusID:54117279}
}

@inproceedings{Lean4,
  title={The Lean 4 Theorem Prover and Programming Language},
  author={Leonardo Mendonça de Moura and Sebastian Ullrich},
  booktitle={CADE},
  year={2021},
  url={https://api.semanticscholar.org/CorpusID:235800962}
}

@inproceedings{Agda,
  author="Bove, Ana and Dybjer, Peter and Norell, Ulf",
  editor="Berghofer, Stefan and Nipkow, Tobias and Urban, Christian and Wenzel, Makarius",
  title="A Brief Overview of Agda -- A Functional Language with Dependent Types",
  booktitle="Theorem Proving in Higher Order Logics",
  year="2009",
  publisher="Springer Berlin Heidelberg",
  address="Berlin, Heidelberg",
  pages="73--78",
  isbn="978-3-642-03359-9",
  doi={https://doi.org/10.1007/978-3-642-03359-9{\_}6}
}

@article{Coquand1988,
  title = {The calculus of constructions},
  journal = {Information and Computation},
  volume = {76},
  number = {2},
  pages = {95-120},
  year = {1988},
  issn = {0890-5401},
  doi = {https://doi.org/10.1016/0890-5401(88)90005-3},
  url = {https://www.sciencedirect.com/science/article/pii/0890540188900053},
  author = {Thierry Coquand and Gérard Huet}
}

@article{Blanchette2016HammeringTQ,
  title={Hammering towards QED},
  author={Jasmin Christian Blanchette and C. Kaliszyk and Lawrence Charles Paulson and Josef Urban},
  journal={J. Formaliz. Reason.},
  year={2016},
  volume={9},
  pages={101-148},
  url={https://api.semanticscholar.org/CorpusID:218028818}
}

@inproceedings{Paulson2012ThreeYO,
  title={Three years of experience with Sledgehammer, a Practical Link Between Automatic and Interactive Theorem Provers},
  author={Lawrence Charles Paulson and Jasmin Christian Blanchette},
  booktitle={IWIL@LPAR},
  year={2012},
  url={https://api.semanticscholar.org/CorpusID:598752}
}

@article{Czajka2018HammerFC,
  title={Hammer for Coq: Automation for Dependent Type Theory},
  author={Lukasz Czajka and C. Kaliszyk},
  journal={Journal of Automated Reasoning},
  year={2018},
  volume={61},
  pages={423 - 453},
  url={https://api.semanticscholar.org/CorpusID:11060917}
}